[gd_scene load_steps=4 format=2]

[ext_resource path="res://GotoPanel.tscn" type="PackedScene" id=1]
[ext_resource path="res://icon.png" type="Texture" id=2]
[ext_resource path="res://scripts/Zones.gd" type="Script" id=3]

[node name="Node" type="Node"]

[node name="GUILayer" type="CanvasLayer" parent="."]

[node name="HBoxContainer" type="HBoxContainer" parent="GUILayer"]
anchor_right = 1.0
anchor_bottom = 1.0
margin_left = 20.0
margin_top = 20.0
margin_right = -20.0
margin_bottom = -20.0
custom_constants/separation = 15
__meta__ = {
"_edit_use_anchors_": false
}

[node name="VBoxContainer" type="VBoxContainer" parent="GUILayer/HBoxContainer"]
margin_right = 470.0
margin_bottom = 420.0
size_flags_horizontal = 3
size_flags_stretch_ratio = 5.0

[node name="TrainingAreaName" type="Label" parent="GUILayer/HBoxContainer/VBoxContainer"]
margin_right = 470.0
margin_bottom = 14.0
text = "Mines"
align = 1
uppercase = true

[node name="TrainingAreaDesc" type="Label" parent="GUILayer/HBoxContainer/VBoxContainer"]
margin_top = 18.0
margin_right = 470.0
margin_bottom = 32.0
text = "Lv. 0. No combat. Raises HP, MP, and a random stat."

[node name="TrainingAreaImage" type="TextureRect" parent="GUILayer/HBoxContainer/VBoxContainer"]
margin_top = 36.0
margin_right = 470.0
margin_bottom = 372.0
size_flags_vertical = 3
texture = ExtResource( 2 )
stretch_mode = 6

[node name="HBoxContainer" type="HBoxContainer" parent="GUILayer/HBoxContainer/VBoxContainer"]
margin_top = 376.0
margin_right = 470.0
margin_bottom = 396.0
script = ExtResource( 3 )
__meta__ = {
"_edit_use_anchors_": false
}
zone_name_label = NodePath("../TrainingAreaName")
zone_description_label = NodePath("../TrainingAreaDesc")
zone_image = NodePath("../TrainingAreaImage")

[node name="Button" type="Button" parent="GUILayer/HBoxContainer/VBoxContainer/HBoxContainer"]
margin_right = 114.0
margin_bottom = 20.0
size_flags_horizontal = 3
text = "Mines"

[node name="Button2" type="Button" parent="GUILayer/HBoxContainer/VBoxContainer/HBoxContainer"]
margin_left = 118.0
margin_right = 233.0
margin_bottom = 20.0
size_flags_horizontal = 3
text = "Forest"

[node name="Button3" type="Button" parent="GUILayer/HBoxContainer/VBoxContainer/HBoxContainer"]
margin_left = 237.0
margin_right = 351.0
margin_bottom = 20.0
size_flags_horizontal = 3
text = "Swamp"

[node name="Button4" type="Button" parent="GUILayer/HBoxContainer/VBoxContainer/HBoxContainer"]
margin_left = 355.0
margin_right = 470.0
margin_bottom = 20.0
size_flags_horizontal = 3
text = "Placeholders"

[node name="GoButton" type="Button" parent="GUILayer/HBoxContainer/VBoxContainer"]
margin_top = 400.0
margin_right = 470.0
margin_bottom = 420.0
text = "Go"

[node name="GotoPanel" parent="GUILayer/HBoxContainer" instance=ExtResource( 1 )]
anchor_right = 0.0
anchor_bottom = 0.0
margin_left = 485.0
margin_right = 580.0
margin_bottom = 420.0
size_flags_horizontal = 3
size_flags_vertical = 3

[connection signal="pressed" from="GUILayer/HBoxContainer/VBoxContainer/GoButton" to="GUILayer/HBoxContainer/VBoxContainer/HBoxContainer" method="_on_go_button_pressed"]
